
@mastersthesis{salgado2020,
  author       = {P. Salgado-Meza and L. Florez-Villegas}, 
  title        = {Diseño e implementación de una estación metereológica para la medición del campo eléctrico atmoaférico en observatorios de rayos cósmicos},
  school       = {Universidad Industrial de Santander},
  year         = 2020
}

@techreport{miles2009report,
  title={Report on non-contact DC electric field sensors},
  author={Miles, R. and Bond, T. and Meyer, G.},
  year={2009},
  institution={Lawrence Livermore National Lab.(LLNL), Livermore, CA (United States)}
}

@book{elster1913influenztheorie,
  title={Zur Influenztheorie der Niederschlagselektizit{\"a}t},
  author={Elster, Julius and Geitel, Hans},
  year={1913}
}

@article{buser1977electrical,
  title={Electrical Processes in Atmospheres},
  author={Buser, O. and Aufdermaur, A. N.},
  journal={D. Steinkopff, Darmstadt},
  year={1977}
}


@article{latham1961generation,
  title={Generation of electric charge associated with the formation of soft hail in thunderclouds},
  author={Latham, J. and Mason, B. J.},
  journal={Proceedings of the Royal Society of London. Series A. Mathematical and Physical Sciences},
  volume={260},
  number={1303},
  pages={537--549},
  year={1961},
  publisher={The Royal Society London}
}


@inproceedings{vonnegut1955possible,
  title={Possible mechanism for the formation of thunderstorm electricity},
  author={Vonnegut, B.},
  booktitle={Proc. Conf. Atmos. Electr. Portsmouth},
  pages={169--181},
  year={1955}
}


@article{gunn1957experimental,
  title={An experimental investigation of the effect of air pollution on the initiation of rain},
  author={Gunn, R. and Phillips, B. B.},
  journal={Journal of Meteorology},
  volume={14},
  number={3},
  pages={272--280},
  year={1957}
}

@article{stow1969atmospheric,
  doi = {10.1088/0034-4885/32/1/301},
  url = {https://doi.org/10.1088/0034-4885/32/1/301},
  year = {1969},
  month = jan,
  publisher = {{IOP} Publishing},
  volume = {32},
  number = {1},
  pages = {1--67},
  author = {C. D. Stow},
  title = {Atmospheric electricity},
  journal = {Reports on Progress in Physics}
}


@article{matthews1964electrification,
  title={Electrification produced by the rupture of large water drops in an electric field},
  author={Matthews, J. H. and Mason, B. J.},
  journal={Quarterly Journal of the Royal Meteorological Society},
  volume={90},
  number={385},
  pages={275--286},
  year={1964},
  publisher={Wiley Online Library}
}

@inproceedings{Colalillo2017,
  doi = {10.22323/1.301.0314},
  url = {https://doi.org/10.22323/1.301.0314},
  year = {2017},
  month = aug,
  publisher = {Sissa Medialab},
  author = {R. Colalillo and others},
  title = {Peculiar lightning-related events observed by the surface detector of the Pierre Auger Observatory},
  booktitle = {Proceedings of 35th International Cosmic Ray Conference {\textemdash} {PoS}({ICRC}2017)}
}



@article{Merenda2019,
  doi = {10.1051/epjconf/201921005007},
  url = {https://doi.org/10.1051/epjconf/201921005007},
  year = {2019},
  publisher = {{EDP} Sciences},
  volume = {210},
  pages = {05007},
  author = {K. Merenda and others},
  editor = {I. Lhenry-Yvon and J. Biteau and O. Deligny and P. Ghia},
  title = {Atmospheric Electricity Studies at the Pierre Auger Observatory: Signal Comparisons between Lightning and Cosmic Ray Events},
  journal = {{EPJ} Web of Conferences}
}

@article{Mussa2019,
  doi = {10.1051/epjconf/201919703004},
  url = {https://doi.org/10.1051/epjconf/201919703004},
  year = {2019},
  publisher = {{EDP} Sciences},
  volume = {197},
  pages = {03004},
  author = {R. Mussa},
  editor = {L. Valore and R. Colalillo and F. Guarino},
  title = {Analysis of {ELVES} at the Pierre Auger Observatory},
  journal = {{EPJ} Web of Conferences}
}

@inproceedings{colalillo2019,
  title={{TGE} at {UHECR} energies},
  author={R. Colalillo},
  booktitle={Thunderstorms and Elementary Particle Acceleration (TEPA-2019)},
  year={2019}
}

@article{Skeltved2017,
  doi = {10.1002/2016jd026206},
  url = {https://doi.org/10.1002/2016jd026206},
  year = {2017},
  month = aug,
  publisher = {American Geophysical Union ({AGU})},
  volume = {122},
  number = {15},
  pages = {8120--8134},
  author = {A. B. Skeltved and others},
  title = {Constraints to do realistic modeling of the electric field ahead of the tip of a lightning leader},
  journal = {Journal of Geophysical Research: Atmospheres}
}

@article{Lawrence2005,
  doi = {10.1175/bams-86-2-225},
  url = {https://doi.org/10.1175/bams-86-2-225},
  year = {2005},
  month = feb,
  publisher = {American Meteorological Society},
  volume = {86},
  number = {2},
  pages = {225--234},
  author = {M. G. Lawrence},
  title = {The Relationship between Relative Humidity and the Dewpoint Temperature in Moist Air: A Simple Conversion and Applications},
  journal = {Bulletin of the American Meteorological Society}
}



@book{Rakov2016,
  doi = {10.1017/cbo9781139680370},
  url = {https://doi.org/10.1017/cbo9781139680370},
  year = {2016},
  publisher = {Cambridge University Press},
  author = {V. A. Rakov},
  title = {Fundamentals of Lightning}
}

@book{Spurio2015,
  doi = {10.1007/978-3-319-08051-2},
  url = {https://doi.org/10.1007/978-3-319-08051-2},
  year  = {2015},
  publisher = {Springer International Publishing},
  author = {M. Spurio},
  title = {Particles and Astrophysics}
}

@article{cui2017,
  title={Model, design, and testing of field mill sensors for measuring electric fields under high-voltage direct-current power lines},
  author={Y. Cui and others},
  journal={IEEE Transactions on Industrial Electronics},
  volume={65},
  number={1},
  pages={608--615},
  year={2017},
  publisher={IEEE}
}

@article{MialdeaFlor2019,
  doi = {10.3390/electronics8121512},
  url = {https://doi.org/10.3390/electronics8121512},
  year = {2019},
  month = dec,
  publisher = {{MDPI} {AG}},
  volume = {8},
  number = {12},
  pages = {1512},
  author = {I. Mialdea-Flor and others},
  title = {Development of a Low-Cost {IoT} System for Lightning Strike Detection and Location},
  journal = {Electronics}
}

% Encoding: UTF-8
@inproceedings{colalillo2019,
  title={{TGE} at {UHECR} energies},
  author={R. Colalillo},
  booktitle={Thunderstorms and Elementary Particle Acceleration {(TEPA-2019)}},
  year={2019}
}
@book{dorman2013cosmic,
  title={Cosmic rays in the Earth’s atmosphere and underground},
  author={Dorman, L.},
  volume={303},
  year={2013},
  publisher={Springer Science \& Business Media}
}
@book{Spurio2015,
  doi = {10.1007/978-3-319-08051-2},
  url = {https://doi.org/10.1007/978-3-319-08051-2},
  year  = {2015},
  publisher = {Springer International Publishing},
  author = {M. Spurio},
  title = {Particles and Astrophysics}
}
@article{dwyer2011low,
  title={Low-energy electron production by relativistic runaway electron avalanches in air},
  author={Dwyer, L. P.},
  journal={Journal of Geophysical Research: Space Physics},
  volume={116},
  number={A9},
  year={2011},
  publisher={Wiley Online Library}
}

@article{martin1984cern,
  title={CERN: Past performance and future prospects: I. CERN's position in world high-energy physics},
  author={Martin, J.},
  journal={Research Policy},
  volume={13},
  number={4},
  pages={183--210},
  year={1984},
  publisher={Elsevier}
}

@article{echer2005introduction,
  title={Introduction to space weather},
  author={Echer et. al.},
  journal={Advances in Space Research},
  volume={35},
  number={5},
  pages={855--865},
  year={2005},
  publisher={Elsevier}
}

@article{kaiser2018muography,
  title={Muography: overview and future directions},
  author={Kaiser, R.},
  journal={Philosophical Transactions of the Royal Society A},
  volume={377},
  number={2137},
  pages={20180049},
  year={2018},
  publisher={The Royal Society Publishing}
}

@Article{maruvada83,
  title={Development of field-mill instruments for ground-level and above-ground electric field measurement under HVDC transmission lines},
  author={Maruvada, P. Sarma and Dallaire, R. D. and Pedneault, R},
  journal={IEEE Transactions on Power Apparatus and Systems},
  number={3},
  pages={738--744},
  year={1983},
  publisher={IEEE}
}


@article{lazzaretti2017integrated,
  title={An integrated monitoring system and automatic data analysis to correlate lightning activity and faults on distribution networks},
  author={Lazzaretti, A. Eugenio},
  journal={Electric Power Systems Research},
  volume={153},
  pages={66--72},
  year={2017},
  publisher={Elsevier}
}

@article{pantoja2017analysis,
  title={Analysis of two nonfatal lightning accidents in Colombia},
  author={Pantoja, J. J. and Rivera, Carlos and Roman, Francisco and others},
  journal={Electric Power Systems Research},
  volume={153},
  pages={159--169},
  year={2017},
  publisher={Elsevier}
}

@article{silva2016atmospheric,
  title={Atmospheric electricity as a proxy for air quality: Relationship between potential gradient and pollutant gases in an urban environment},
  author={Silva, H. G. and Concei{\c{c}}{\~a}o, Ricardo and Khan, J. Wright},
  journal={Journal of Electrostatics},
  volume={84},
  pages={32--41},
  year={2016},
  publisher={Elsevier}
}

@article{zhang2018lightning,
  title={Lightning climatology over the northwest Pacific region: An 11-year study using data from the World Wide Lightning Location Network},
  author={W. Zhang},
  journal={Atmospheric Research},
  volume={210},
  pages={41--57},
  year={2018},
  publisher={Elsevier}
}


@book{stull2000meteorology,
  title={Meteorology for Scientists and Engineers},
  author={Stull, R.B. and Ahrens, C.D.},
  isbn={9780534372149},
  lccn={00266104},
  series={Earth Science Series},
  url={https://books.google.com.co/books?id=QrYRAQAAIAAJ},
  year={2000},
  publisher={Brooks/Cole}
}

@article{bhattacharjee2000origin,
  title={Origin and propagation of extremely high-energy cosmic rays},
  author={Bhattacharjee, Pijushpani and Sigl, G{\"u}nter},
  journal={Physics Reports},
  volume={327},
  number={3-4},
  pages={109--247},
  year={2000},
  publisher={Elsevier}
}


@article{bartoli2018observation,
  doi = {10.1103/physrevd.97.042001},
  url = {https://doi.org/10.1103/physrevd.97.042001},
  year = {2018},
  month = feb,
  publisher = {American Physical Society ({APS})},
  volume = {97},
  number = {4},
  author = {B. Bartoli and others},
  title = {Observation of the thunderstorm-related ground cosmic ray flux variations by {ARGO}-{YBJ}},
  journal = {Physical Review D}
}


@incollection{cronin1999cosmic,
  title={Cosmic rays: the most energetic particles in the universe},
  author={Cronin, James W},
  booktitle={More Things in Heaven and Earth},
  pages={278--290},
  year={1999},
  publisher={Springer}
}

@article{muraki2004effects,
  title={Effects of atmospheric electric fields on cosmic rays},
  author={Muraki, Yasushi and Axford, Takami and others},
  journal={Physical Review D},
  volume={69},
  number={12},
  pages={123010},
  year={2004},
  publisher={APS}
}

@book{macgorman1998electrical,
  title={The electrical nature of storms},
  author={MacGorman et. al.},
  year={1998},
  publisher={Oxford University Press on Demand}
}

@article{marshall2005observed,
  doi = {10.1029/2004gl021802},
  url = {https://doi.org/10.1029/2004gl021802},
  year = {2005},
  publisher = {American Geophysical Union ({AGU})},
  volume = {32},
  number = {3},
  author = {T. C. Marshall and others},
  title = {Observed electric fields associated with lightning initiation},
  journal = {Geophysical Research Letters}
}

  
@article{wilson1924electric,
  title={The electric field of a thundercloud and some of its effects},
  author={Wilson, C. and Thomson R.},
  journal={Proceedings of the Physical Society of London},
  volume={37},
  number={1},
  pages={32D},
  year={1924},
  publisher={IOP Publishing}
}


@article{alexeenko2002transient,
  doi = {10.1016/s0375-9601(02)00981-7},
  url = {https://doi.org/10.1016/s0375-9601(02)00981-7},
  year = {2002},
  month = aug,
  publisher = {Elsevier {BV}},
  volume = {301},
  number = {3-4},
  pages = {299--306},
  author = {V. V. Alexeenko and others},
  title = {Transient variations of secondary cosmic rays due to atmospheric electric field and evidence for pre-lightning particle acceleration},
  journal = {Physics Letters A}
}



@article{wang2012effect,
  doi = {10.7498/aps.61.159202},
  url = {https://doi.org/10.7498/aps.61.159202},
  year = {2012},
  publisher = {Acta Physica Sinica,  Chinese Physical Society and Institute of Physics,  Chinese Academy of Sciences},
  volume = {61},
  number = {15},
  pages = {159202},
  author = {W. Jun-Fang and others},
  title = {Effect of thunderstorm electric field on intensity of cosmic ray muons},
  journal = {Acta Physica Sinica}
}


@article{morishima2017discovery,
  title={Discovery of a big void in Khufuâ€™s Pyramid by observation of cosmic-ray muons},
  author={Morishima, Kunihiro and Kuno, Hideyo and others},
  journal={Nature},
  pages={nature24647},
  year={2017},
  publisher={Nature Publishing Group}
}

@article{LW-Townsend2001,
	author={Lawrence W Townsend},	    
	title={Radiation exposures of aircrew in high altitude flight},
	journal={Journal of Radiological Protection},
	volume={21},
	number={1},
	pages={5},
	url={http://stacks.iop.org/0952-4746/21/i=1/a=003},
	year={2001}
}

@book{muonscience2003,
	author = {Kanetada Nagamine},
	editor = {},
	pages = {226},
	publisher = {Cambridge University Press},
	title = {Introductory Muon Science},
	ISBN = {9780521593793},
	url = {http://www.cambridge.org/co/academic/subjects/physics/condensed-matter-physics-nanoscience-and-mesoscopic-physics/introductory-muon-science?format=HB\&isbn=9780521593793},
	year = {2003}
}


@article{christian2003global,
  title={Global frequency and distribution of lightning as observed from space by the Optical Transient Detector},
  author={C.R., H. Boccippio, D. Boeck and others},
  journal={Journal of Geophysical Research: Atmospheres},
  volume={108},
  number={D1},
  pages={ACL--4},
  year={2003},
  publisher={Wiley Online Library}
}

@article{hoinka1999temperature,
  title={Temperature, humidity, and wind at the global tropopause},
  author={Hoinka, Klaus P},
  journal={Monthly Weather Review},
  volume={127},
  number={10},
  pages={2248--2265},
  year={1999}
}

@article{feynman1964electricity,
  title={Electricity in the Atmosphere},
  author={Feynman, RP and Leighton, Robert B and Sands, ML},
  journal={The Feynman Lectures on Physics},
  volume={2},
  year={1964}
}

@article{hansen2010global,
  title={Global surface temperature change},
  author={Hansen, James and Ruedy, Reto and Sato, Mki and Lo, Ken},
  journal={Reviews of Geophysics},
  volume={48},
  number={4},
  year={2010},
  publisher={Wiley Online Library}
}


@inproceedings{zhao2019effects,
  title={Effects of Thunderstorms Electric Field on Intensities of Positrons, Electrons and Photons at Daocheng},
  author={Zhao, B. and others},
  booktitle={36th International Cosmic Ray Conference (ICRC2019)},
  volume={36},
  year={2019}
}

@article{ogawa1973analyses,
  title={ANALYSES OF MEASUREMENT TECHNIQUES OF ELECTRIC FIELD AND CURRENTS IN THE ATMOSPHERE},
  author={T. Ogowa},
  year={1973},
  publisher={Geophysical Institute, Kyoto University}
}


@inproceedings{ibrahim2011measurement,
  title={Measurement of vertical electric fields from lightning flashes using parallel plate antenna},
  author={Ibrahim et. al.},
  booktitle={International Conference on Electrical, Control and Computer Engineering 2011 (InECCE)},
  pages={466--471},
  year={2011},
  organization={IEEE}
}
